@article{Altenhoff2012,
	title        = {Resolving the Ortholog Conjecture: Orthologs Tend to Be Weakly, but Significantly, More Similar in Function than Paralogs},
	author       = {Adrian M. Altenhoff and Romain A. Studer and Marc Robinson-Rechavi and Christophe Dessimoz},
	year         = 2012,
	month        = may,
	journal      = {{PLoS} Computational Biology},
	publisher    = {Public Library of Science ({PLoS})},
	volume       = 8,
	number       = 5,
	pages        = {e1002514},
	doi          = {10.1371/journal.pcbi.1002514},
	url          = {https://doi.org/10.1371/journal.pcbi.1002514}
}
@article{Altenhoff2019,
	title        = {{OMA} standalone: orthology inference among public and custom genomes and transcriptomes},
	author       = {Adrian M. Altenhoff and Jeremy Levy and Magdalena Zarowiecki and Bart{\l}omiej Tomiczek and Alex Warwick Vesztrocy and Daniel A. Dalquen and Steven M\"{u}ller and Maximilian J. Telford and Natasha M. Glover and David Dylus and Christophe Dessimoz},
	year         = 2019,
	month        = jun,
	journal      = {Genome Research},
	publisher    = {Cold Spring Harbor Laboratory},
	volume       = 29,
	number       = 7,
	pages        = {1152--1163},
	doi          = {10.1101/gr.243212.118},
	url          = {https://doi.org/10.1101/gr.243212.118}
}
@article{Altenhoff2020,
	title        = {{OMA} orthology in 2021: website overhaul, conserved isoforms, ancestral gene order and more},
	author       = {Adrian M Altenhoff and Cl{\'{e}}ment-Marie Train and Kimberly J Gilbert and Ishita Mediratta and Tarcisio Mendes de Farias and David Moi and Yannis Nevers and Hale-Seda Radoykova and Victor Rossier and Alex Warwick Vesztrocy and Natasha M Glover and Christophe Dessimoz},
	year         = 2020,
	month        = nov,
	journal      = {Nucleic Acids Research},
	publisher    = {Oxford University Press ({OUP})},
	volume       = 49,
	number       = {D1},
	pages        = {D373--D379},
	doi          = {10.1093/nar/gkaa1007},
	url          = {https://doi.org/10.1093/nar/gkaa1007}
}
@article{Altschul1989,
	title        = {Weights for data related by a tree},
	author       = {Stephen F. Altschul and Raymond J. Carroll and David J. Lipman},
	year         = 1989,
	month        = jun,
	journal      = {Journal of Molecular Biology},
	publisher    = {Elsevier {BV}},
	volume       = 207,
	number       = 4,
	pages        = {647--653},
	doi          = {10.1016/0022-2836(89)90234-9},
	url          = {https://doi.org/10.1016/0022-2836(89)90234-9}
}
@article{Camacho2009,
	title        = {BLAST+: architecture and applications},
	author       = {Christiam Camacho and George Coulouris and Vahram Avagyan and Ning Ma and Jason Papadopoulos and Kevin Bealer and Thomas L Madden},
	year         = 2009,
	month        = dec,
	journal      = {{BMC} Bioinformatics},
	publisher    = {Springer Science and Business Media {LLC}},
	volume       = 10,
	number       = 1,
	doi          = {10.1186/1471-2105-10-421},
	url          = {https://doi.org/10.1186/1471-2105-10-421}
}
@article{CapellaGutierrez2009,
	title        = {{trimAl}: a tool for automated alignment trimming in large-scale phylogenetic analyses},
	author       = {S. Capella-Gutierrez and J. M. Silla-Martinez and T. Gabaldon},
	year         = 2009,
	month        = jun,
	journal      = {Bioinformatics},
	publisher    = {Oxford University Press ({OUP})},
	volume       = 25,
	number       = 15,
	pages        = {1972--1973},
	doi          = {10.1093/bioinformatics/btp348},
	url          = {https://doi.org/10.1093/bioinformatics/btp348}
}
@article{Castresana2000,
	title        = {Selection of Conserved Blocks from Multiple Alignments for Their Use in Phylogenetic Analysis},
	author       = {J. Castresana},
	year         = 2000,
	month        = apr,
	journal      = {Molecular Biology and Evolution},
	publisher    = {Oxford University Press ({OUP})},
	volume       = 17,
	number       = 4,
	pages        = {540--552},
	doi          = {10.1093/oxfordjournals.molbev.a026334},
	url          = {https://doi.org/10.1093/oxfordjournals.molbev.a026334}
}
@article{CESC1998,
	title        = {Genome Sequence of the Nematode \textit{C. elegans}: A Platform for Investigating Biology},
	author       = {The \textit{C. elegans} Sequencing Consortium},
	year         = 1998,
	month        = dec,
	journal      = {Science},
	publisher    = {American Association for the Advancement of Science ({AAAS})},
	volume       = 282,
	number       = 5396,
	pages        = {2012--2018},
	doi          = {10.1126/science.282.5396.2012},
	url          = {https://doi.org/10.1126/science.282.5396.2012}
}
@article{Chen2006,
	title        = {{OrthoMCL}-{DB}: querying a comprehensive multi-species collection of ortholog groups},
	author       = {F. Chen},
	year         = 2006,
	month        = jan,
	journal      = {Nucleic Acids Research},
	publisher    = {Oxford University Press ({OUP})},
	volume       = 34,
	number       = 90001,
	pages        = {D363--D368},
	doi          = {10.1093/nar/gkj123},
	url          = {https://doi.org/10.1093/nar/gkj123}
}
@article{Cosentino2018,
	title        = {{SonicParanoid}: fast, accurate and easy orthology inference},
	author       = {Salvatore Cosentino and Wataru Iwasaki},
	year         = 2018,
	month        = jul,
	journal      = {Bioinformatics},
	publisher    = {Oxford University Press ({OUP})},
	volume       = 35,
	number       = 1,
	pages        = {149--151},
	doi          = {10.1093/bioinformatics/bty631},
	url          = {https://doi.org/10.1093/bioinformatics/bty631}
}
@article{D12GC2007,
	title        = {Evolution of genes and genomes on the \textit{Drosophila} phylogeny},
	author       = {\textit{Drosophila} 12 Genomes Consortium},
	year         = 2007,
	month        = nov,
	journal      = {Nature},
	publisher    = {Springer Science and Business Media {LLC}},
	volume       = 450,
	number       = 7167,
	pages        = {203--218},
	doi          = {10.1038/nature06341},
	url          = {https://doi.org/10.1038/nature06341}
}
@article{DaLage2007,
	title        = {A phylogeny of Drosophilidae using the \textit{Amyrel} gene: questioning the \textit{Drosophila melanogaster} species group boundaries},
	author       = {J.-L. Da Lage and G. J. Kergoat and F. Maczkowiak and J.-F. Silvain and M.-L. Cariou and D. Lachaise},
	year         = 2007,
	month        = feb,
	journal      = {Journal of Zoological Systematics and Evolutionary Research},
	publisher    = {Hindawi Limited},
	volume       = 45,
	number       = 1,
	pages        = {47--63},
	doi          = {10.1111/j.1439-0469.2006.00389.x},
	url          = {https://doi.org/10.1111/j.1439-0469.2006.00389.x}
}
@article{Dobzhansky1935,
	title        = {\textit{Drosophila miranda}, a new species},
	author       = {Th Dobzhansky},
	year         = 1935,
	month        = jul,
	journal      = {Genetics},
	publisher    = {Oxford University Press ({OUP})},
	volume       = 20,
	number       = 4,
	pages        = {377--391},
	doi          = {10.1093/genetics/20.4.377},
	url          = {https://doi.org/10.1093/genetics/20.4.377}
}
@article{Dunne2017,
	title        = {{OrthoFiller}: utilising data from multiple species to improve the completeness of genome annotations},
	author       = {Michael P. Dunne and Steven Kelly},
	year         = 2017,
	month        = may,
	journal      = {{BMC} Genomics},
	publisher    = {Springer Science and Business Media {LLC}},
	volume       = 18,
	number       = 1,
	doi          = {10.1186/s12864-017-3771-x},
	url          = {https://doi.org/10.1186/s12864-017-3771-x}
}
@article{Dunne2018,
	title        = {{OMGene}: mutual improvement of gene models through optimisation of evolutionary conservation},
	author       = {Michael P. Dunne and Steven Kelly},
	year         = 2018,
	month        = apr,
	journal      = {{BMC} Genomics},
	publisher    = {Springer Science and Business Media {LLC}},
	volume       = 19,
	number       = 1,
	doi          = {10.1186/s12864-018-4704-z},
	url          = {https://doi.org/10.1186/s12864-018-4704-z}
}
@article{Edgar2004,
	title        = {{MUSCLE}: multiple sequence alignment with high accuracy and high throughput},
	author       = {R. C. Edgar},
	year         = 2004,
	month        = mar,
	journal      = {Nucleic Acids Research},
	publisher    = {Oxford University Press ({OUP})},
	volume       = 32,
	number       = 5,
	pages        = {1792--1797},
	doi          = {10.1093/nar/gkh340},
	url          = {https://doi.org/10.1093/nar/gkh340}
}
@article{Emms2015,
	title        = {{OrthoFinder}: solving fundamental biases in whole genome comparisons dramatically improves orthogroup inference accuracy},
	author       = {David M. Emms and Steven Kelly},
	year         = 2015,
	month        = aug,
	journal      = {Genome Biology},
	publisher    = {Springer Science and Business Media {LLC}},
	volume       = 16,
	number       = 1,
	doi          = {10.1186/s13059-015-0721-2},
	url          = {https://doi.org/10.1186/s13059-015-0721-2}
}
@article{Emms2019,
	title        = {{OrthoFinder}: phylogenetic orthology inference for comparative genomics},
	author       = {David M. Emms and Steven Kelly},
	year         = 2019,
	month        = nov,
	journal      = {Genome Biology},
	publisher    = {Springer Science and Business Media {LLC}},
	volume       = 20,
	number       = 1,
	doi          = {10.1186/s13059-019-1832-y},
	url          = {https://doi.org/10.1186/s13059-019-1832-y}
}
@article{Enright2002,
	title        = {An efficient algorithm for large-scale detection of protein families},
	author       = {A. J. Enright},
	year         = 2002,
	month        = apr,
	journal      = {Nucleic Acids Research},
	publisher    = {Oxford University Press ({OUP})},
	volume       = 30,
	number       = 7,
	pages        = {1575--1584},
	doi          = {10.1093/nar/30.7.1575},
	url          = {https://doi.org/10.1093/nar/30.7.1575}
}
@article{Felsenstein1981,
	title        = {Evolutionary trees from {DNA} sequences: A maximum likelihood approach},
	author       = {Joseph Felsenstein},
	year         = 1981,
	month        = nov,
	journal      = {Journal of Molecular Evolution},
	publisher    = {Springer Science and Business Media {LLC}},
	volume       = 17,
	number       = 6,
	pages        = {368--376},
	doi          = {10.1007/bf01734359},
	url          = {https://doi.org/10.1007/bf01734359}
}
@article{Felsenstein1996,
	title        = {A Hidden Markov Model approach to variation among sites in rate of evolution},
	author       = {J. Felsenstein and G. A. Churchill},
	year         = 1996,
	month        = jan,
	journal      = {Molecular Biology and Evolution},
	publisher    = {Oxford University Press ({OUP})},
	volume       = 13,
	number       = 1,
	pages        = {93--104},
	doi          = {10.1093/oxfordjournals.molbev.a025575},
	url          = {https://doi.org/10.1093/oxfordjournals.molbev.a025575}
}
@article{Feng2020,
	title        = {Dense sampling of bird diversity increases power of comparative genomics},
	author       = {Feng, Shaohong and Stiller, Josefin and Deng, Yuan and Armstrong, Joel and Fang, Qi and Reeve, Andrew Hart and Xie, Duo and Chen, Guangji and Guo, Chunxue and Faircloth, Brant C and Petersen, Bent and Wang, Zongji and Zhou, Qi and Diekhans, Mark and Chen, Wanjun and Andreu-S{\'a}nchez, Sergio and Margaryan, Ashot and Howard, Jason Travis and Parent, Carole and Pacheco, George and Sinding, Mikkel-Holger S and Puetz, Lara and Cavill, Emily and Ribeiro, {\^A}ngela M and Eckhart, Leopold and Fjelds{\aa}, Jon and Hosner, Peter A and Brumfield, Robb T and Christidis, Les and Bertelsen, Mads F and Sicheritz-Ponten, Thomas and Tietze, Dieter Thomas and Robertson, Bruce C and Song, Gang and Borgia, Gerald and Claramunt, Santiago and Lovette, Irby J and Cowen, Saul J and Njoroge, Peter and Dumbacher, John Philip and Ryder, Oliver A and Fuchs, J{\'e}r{\^o}me and Bunce, Michael and Burt, David W and Cracraft, Joel and Meng, Guanliang and Hackett, Shannon J and Ryan, Peter G and J{\o}nsson, Knud Andreas and Jamieson, Ian G and da Fonseca, Rute R and Braun, Edward L and Houde, Peter and Mirarab, Siavash and Suh, Alexander and Hansson, Bengt and Ponnikas, Suvi and Sigeman, Hanna and Stervander, Martin and Frandsen, Paul B and van der Zwan, Henriette and van der Sluis, Rencia and Visser, Carina and Balakrishnan, Christopher N and Clark, Andrew G and Fitzpatrick, John W and Bowman, Reed and Chen, Nancy and Cloutier, Alison and Sackton, Timothy B and Edwards, Scott V and Foote, Dustin J and Shakya, Subir B and Sheldon, Frederick H and Vignal, Alain and Soares, Andr{\'e} E R and Shapiro, Beth and Gonz{\'a}lez-Sol{\'\i}s, Jacob and Ferrer-Obiol, Joan and Rozas, Julio and Riutort, Marta and Tigano, Anna and Friesen, Vicki and Dal{\'e}n, Love and Urrutia, Araxi O and Sz{\'e}kely, Tam{\'a}s and Liu, Yang and Campana, Michael G and Corvelo, Andr{\'e} and Fleischer, Robert C and Rutherford, Kim M and Gemmell, Neil J and Dussex, Nicolas and Mouritsen, Henrik and Thiele, Nadine and Delmore, Kira and Liedvogel, Miriam and Franke, Andre and Hoeppner, Marc P and Krone, Oliver and Fudickar, Adam M and Mil{\'a}, Borja and Ketterson, Ellen D and Fidler, Andrew Eric and Friis, Guillermo and Parody-Merino, {\'A}ngela M and Battley, Phil F and Cox, Murray P and Lima, Nicholas Costa Barroso and Prosdocimi, Francisco and Parchman, Thomas Lee and Schlinger, Barney A and Loiselle, Bette A and Blake, John G and Lim, Haw Chuan and Day, Lainy B and Fuxjager, Matthew J and Baldwin, Maude W and Braun, Michael J and Wirthlin, Morgan and Dikow, Rebecca B and Ryder, T Brandt and Camenisch, Glauco and Keller, Lukas F and DaCosta, Jeffrey M and Hauber, Mark E and Louder, Matthew I M and Witt, Christopher C and McGuire, Jimmy A and Mudge, Joann and Megna, Libby C and Carling, Matthew D and Wang, Biao and Taylor, Scott A and Del-Rio, Glaucia and Aleixo, Alexandre and Vasconcelos, Ana Tereza Ribeiro and Mello, Claudio V and Weir, Jason T and Haussler, David and Li, Qiye and Yang, Huanming and Wang, Jian and Lei, Fumin and Rahbek, Carsten and Gilbert, M Thomas P and Graves, Gary R and Jarvis, Erich D and Paten, Benedict and Zhang, Guojie},
	year         = 2020,
	month        = nov,
	journal      = {Nature},
	publisher    = {Springer Science and Business Media LLC},
	volume       = 587,
	number       = 7833,
	pages        = {252--257},
	copyright    = {https://creativecommons.org/licenses/by/4.0},
	language     = {en}
}
@article{Fitch1970,
	title        = {Distinguishing homologous from analogous proteins},
	author       = {Walter M. Fitch},
	year         = 1970,
	month        = jun,
	journal      = {Systematic Zoology},
	volume       = 31,
	number       = 2,
	pages        = {99--113}
}
@article{Fleischmann1995,
	title        = {Whole-Genome Random Sequencing and Assembly of \textit{Haemo\-philus influenzae} Rd},
	author       = {Robert D. Fleischmann and Mark D. Adams and Owen White and Rebecca A. Clayton and Ewen F. Kirkness and Anthony R. Kerlavage and Carol J. Bult and Jean-Francois Tomb and Brian A. Dougherty and Joseph M. Merrick and Keith McKenney and Granger Sutton and Will FitzHugh and Chris Fields and Jeannine D. Gocayne and John Scott and Robert Shirley and Li-lng Liu and Anna Glodek and Jenny M. Kelley and Janice F. Weidman and Cheryl A. Phillips and Tracy Spriggs and Eva Hedblom and Matthew D. Cotton and Teresa R. Utterback and Michael C. Hanna and David T. Nguyen and Deborah M. Saudek and Rhonda C. Brandon and Leah D. Fine and Janice L. Fritchman and Joyce L. Fuhrmann and N. S. M. Geoghagen and Cheryl L. Gnehm and Lisa A. McDonald and Keith V. Small and Claire M. Fraser and Hamilton O. Smith and J. Craig Venter},
	year         = 1995,
	month        = jul,
	journal      = {Science},
	publisher    = {American Association for the Advancement of Science ({AAAS})},
	volume       = 269,
	number       = 5223,
	pages        = {496--512},
	doi          = {10.1126/science.7542800},
	url          = {https://doi.org/10.1126/science.7542800}
}
@article{Frankish2015,
	title        = {Comparison of {GENCODE} and {RefSeq} gene annotation and the impact of reference geneset on variant effect prediction},
	author       = {Adam Frankish and Barbara Uszczynska and Graham RS Ritchie and Jose M Gonzalez and Dmitri Pervouchine and Robert Petryszak and Jonathan M Mudge and Nuno Fonseca and Alvis Brazma and Roderic Guigo and Jennifer Harrow},
	year         = 2015,
	month        = jun,
	journal      = {{BMC} Genomics},
	publisher    = {Springer Science and Business Media {LLC}},
	volume       = 16,
	number       = {S8},
	doi          = {10.1186/1471-2164-16-s8-s2},
	url          = {https://doi.org/10.1186/1471-2164-16-s8-s2}
}
@article{Galperin2020,
	title        = {{COG} database update: focus on microbial diversity, model organisms, and widespread pathogens},
	author       = {Michael Y Galperin and Yuri I Wolf and Kira S Makarova and Roberto Vera Alvarez and David Landsman and Eugene V Koonin},
	year         = 2020,
	month        = nov,
	journal      = {Nucleic Acids Research},
	publisher    = {Oxford University Press ({OUP})},
	volume       = 49,
	number       = {D1},
	pages        = {D274--D281},
	doi          = {10.1093/nar/gkaa1018},
	url          = {https://doi.org/10.1093/nar/gkaa1018}
}
@article{Goffeau1996,
	title        = {Life with 6000 Genes},
	author       = {A. Goffeau and B. G. Barrell and H. Bussey and R. W. Davis and B. Dujon and H. Feldmann and F. Galibert and J. D. Hoheisel and C. Jacq and M. Johnston and E. J. Louis and H. W. Mewes and Y. Murakami and P. Philippsen and H. Tettelin and S. G. Oliver},
	year         = 1996,
	month        = oct,
	journal      = {Science},
	publisher    = {American Association for the Advancement of Science ({AAAS})},
	volume       = 274,
	number       = 5287,
	pages        = {546--567},
	doi          = {10.1126/science.274.5287.546},
	url          = {https://doi.org/10.1126/science.274.5287.546}
}
@article{Gramates2022,
	title        = {{FlyBase}: a guided tour of highlighted features},
	author       = {L Sian Gramates and Julie Agapite and Helen Attrill and Brian R Calvi and Madeline A Crosby and Gilberto dos Santos and Joshua L Goodman and Damien Goutte-Gattat and Victoria K Jenkins and Thomas Kaufman and Aoife Larkin and Beverley B Matthews and Gillian Millburn and Victor B Strelets and Norbert Perrimon and Susan Russo Gelbart and Julie Agapite and Kris Broll and Lynn Crosby and Gil dos Santos and Kathleen Falls and L Sian Gramates and Victoria Jenkins and Ian Longden and Beverley Matthews and Jolene Seme and Christopher J Tabone and Pinglei Zhou and Mark Zytkovicz and Nick Brown and Giulia Antonazzo and Helen Attrill and Phani Garapati and Damien Goutte-Gattat and Aoife Larkin and Steven Marygold and Alex McLachlan and Gillian Millburn and Arzu \"{O}zt\"{u}rk-{\c{C}}olak and Clare Pilgrim and Vitor Trovisco and Brian Calvi and Thomas Kaufman and Josh Goodman and Pravija Krishna and Victor Strelets and Jim Thurmond and Richard Cripps and TyAnna Lovato and},
	year         = 2022,
	month        = mar,
	journal      = {Genetics},
	publisher    = {Oxford University Press ({OUP})},
	volume       = 220,
	number       = 4,
	doi          = {10.1093/genetics/iyac035},
	url          = {https://doi.org/10.1093/genetics/iyac035}
}
@article{Harris2020,
	title        = {Array programming with {NumPy}},
	author       = {Charles R. Harris and K. Jarrod Millman and St{\'{e}}fan J. van der Walt and Ralf Gommers and Pauli Virtanen and David Cournapeau and Eric Wieser and Julian Taylor and Sebastian Berg and Nathaniel J. Smith and Robert Kern and Matti Picus and Stephan Hoyer and Marten H. van Kerkwijk and Matthew Brett and Allan Haldane and Jaime Fern{\'{a}}ndez del R{\'{\i}}o and Mark Wiebe and Pearu Peterson and Pierre G{\'{e}}rard-Marchant and Kevin Sheppard and Tyler Reddy and Warren Weckesser and Hameer Abbasi and Christoph Gohlke and Travis E. Oliphant},
	year         = 2020,
	month        = sep,
	journal      = {Nature},
	publisher    = {Springer Science and Business Media {LLC}},
	volume       = 585,
	number       = 7825,
	pages        = {357--362},
	doi          = {10.1038/s41586-020-2649-2},
	url          = {https://doi.org/10.1038/s41586-020-2649-2}
}
@article{Herrero2016,
	title        = {Ensembl comparative genomics resources},
	author       = {Javier Herrero and Matthieu Muffato and Kathryn Beal and Stephen Fitzgerald and Leo Gordon and Miguel Pignatelli and Albert J. Vilella and Stephen M. J. Searle and Ridwan Amode and Simon Brent and William Spooner and Eugene Kulesha and Andrew Yates and Paul Flicek},
	year         = 2016,
	journal      = {Database},
	publisher    = {Oxford University Press ({OUP})},
	volume       = 2016,
	pages        = {bav096},
	doi          = {10.1093/database/bav096},
	url          = {https://doi.org/10.1093/database/bav096}
}
@article{HuertaCepas2018,
	title        = {{eggNOG} 5.0: a hierarchical, functionally and phylogenetically annotated orthology resource based on 5090 organisms and 2502 viruses},
	author       = {Jaime Huerta-Cepas and Damian Szklarczyk and Davide Heller and Ana Hern{\'{a}}ndez-Plaza and Sofia K Forslund and Helen Cook and Daniel R Mende and Ivica Letunic and Thomas Rattei and Lars J Jensen and Christian von Mering and Peer Bork},
	year         = 2018,
	month        = nov,
	journal      = {Nucleic Acids Research},
	publisher    = {Oxford University Press ({OUP})},
	volume       = 47,
	number       = {D1},
	pages        = {D309--D314},
	doi          = {10.1093/nar/gky1085},
	url          = {https://doi.org/10.1093/nar/gky1085}
}
@article{Hunter2007,
	title        = {Matplotlib: A 2D Graphics Environment},
	author       = {John D. Hunter},
	year         = 2007,
	journal      = {Computing in Science \& Engineering},
	publisher    = {Institute of Electrical and Electronics Engineers ({IEEE})},
	volume       = 9,
	number       = 3,
	pages        = {90--95},
	doi          = {10.1109/mcse.2007.55},
	url          = {https://doi.org/10.1109/mcse.2007.55}
}
@article{Jensen2007,
	title        = {{eggNOG}: automated construction and annotation of orthologous groups of genes},
	author       = {L. J. Jensen and P. Julien and M. Kuhn and C. von Mering and J. Muller and T. Doerks and P. Bork},
	year         = 2007,
	month        = dec,
	journal      = {Nucleic Acids Research},
	publisher    = {Oxford University Press ({OUP})},
	volume       = 36,
	number       = {Database},
	pages        = {D250--D254},
	doi          = {10.1093/nar/gkm796},
	url          = {https://doi.org/10.1093/nar/gkm796}
}
@article{Kaduk2017,
	title        = {Improved orthology inference with Hieranoid 2},
	author       = {Mateusz Kaduk and Erik Sonnhammer},
	year         = 2017,
	month        = jan,
	journal      = {Bioinformatics},
	publisher    = {Oxford University Press ({OUP})},
	volume       = 33,
	number       = 8,
	pages        = {1154--1159},
	doi          = {10.1093/bioinformatics/btw774},
	url          = {https://doi.org/10.1093/bioinformatics/btw774}
}
@article{Katoh2013,
	title        = {{MAFFT} Multiple Sequence Alignment Software Version 7: Improvements in Performance and Usability},
	author       = {K. Katoh and D. M. Standley},
	year         = 2013,
	month        = jan,
	journal      = {Molecular Biology and Evolution},
	publisher    = {Oxford University Press ({OUP})},
	volume       = 30,
	number       = 4,
	pages        = {772--780},
	doi          = {10.1093/molbev/mst010},
	url          = {https://doi.org/10.1093/molbev/mst010}
}
@article{Katoh2016,
	title        = {A simple method to control over-alignment in the {MAFFT} multiple sequence alignment program},
	author       = {Kazutaka Katoh and Daron M. Standley},
	year         = 2016,
	month        = feb,
	journal      = {Bioinformatics},
	publisher    = {Oxford University Press ({OUP})},
	volume       = 32,
	number       = 13,
	pages        = {1933--1942},
	doi          = {10.1093/bioinformatics/btw108},
	url          = {https://doi.org/10.1093/bioinformatics/btw108}
}
@article{Kim2021,
	title        = {Highly contiguous assemblies of 101 drosophilid genomes},
	author       = {Bernard Y Kim and Jeremy R Wang and Danny E Miller and Olga Barmina and Emily Delaney and Ammon Thompson and Aaron A Comeault and David Peede and Emmanuel RR D{\textquotesingle}Agostino and Julianne Pelaez and Jessica M Aguilar and Diler Haji and Teruyuki Matsunaga and Ellie E Armstrong and Molly Zych and Yoshitaka Ogawa and Marina Stamenkovi{\'{c}}-Radak and Mihailo Jeli{\'{c}} and Marija Savi{\'{c}} Veselinovi{\'{c}} and Marija Tanaskovi{\'{c}} and Pavle Eri{\'{c}} and Jian-Jun Gao and Takehiro K Katoh and Masanori J Toda and Hideaki Watabe and Masayoshi Watada and Jeremy S Davis and Leonie C Moyle and Giulia Manoli and Enrico Bertolini and Vladim{\'{\i}}r Ko{\v{s}}{\v{t}}{\'{a}}l and R Scott Hawley and Aya Takahashi and Corbin D Jones and Donald K Price and Noah Whiteman and Artyom Kopp and Daniel R Matute and Dmitri A Petrov},
	year         = 2021,
	month        = jul,
	journal      = {eLife},
	publisher    = {{eLife} Sciences Publications, Ltd},
	volume       = 10,
	doi          = {10.7554/elife.66405},
	url          = {https://doi.org/10.7554/elife.66405}
}
@article{Krogh1999,
	title        = {Hidden Neural Networks},
	author       = {Anders Krogh and S{\o}ren Kamaric Riis},
	year         = 1999,
	month        = feb,
	journal      = {Neural Computation},
	publisher    = {{MIT} Press - Journals},
	volume       = 11,
	number       = 2,
	pages        = {541--563},
	doi          = {10.1162/089976699300016764},
	url          = {https://doi.org/10.1162/089976699300016764}
}
@article{Le2008,
	title        = {An Improved General Amino Acid Replacement Matrix},
	author       = {S. Q. Le and O. Gascuel},
	year         = 2008,
	month        = apr,
	journal      = {Molecular Biology and Evolution},
	publisher    = {Oxford University Press ({OUP})},
	volume       = 25,
	number       = 7,
	pages        = {1307--1320},
	doi          = {10.1093/molbev/msn067},
	url          = {https://doi.org/10.1093/molbev/msn067}
}
@article{Li2003,
	title        = {{OrthoMCL}: Identification of Ortholog Groups for Eukaryotic Genomes},
	author       = {Li Li and Christian J. Stoeckert and David S. Roos},
	year         = 2003,
	month        = sep,
	journal      = {Genome Research},
	publisher    = {Cold Spring Harbor Laboratory},
	volume       = 13,
	number       = 9,
	pages        = {2178--2189},
	doi          = {10.1101/gr.1224503},
	url          = {https://doi.org/10.1101/gr.1224503}
}
@article{Linard2011,
	title        = {{OrthoInspector}: comprehensive orthology analysis and visual exploration},
	author       = {Benjamin Linard and Julie D Thompson and Olivier Poch and Odile Lecompte},
	year         = 2011,
	month        = jan,
	journal      = {{BMC} Bioinformatics},
	publisher    = {Springer Science and Business Media {LLC}},
	volume       = 12,
	number       = 1,
	doi          = {10.1186/1471-2105-12-11},
	url          = {https://doi.org/10.1186/1471-2105-12-11}
}
@article{Linard2014,
	title        = {{OrthoInspector} 2.0: Software and database updates},
	author       = {Benjamin Linard and Alexis Allot and Raphaël Schneider and Can Morel and Raymond Ripp and Marc Bigler and Julie D. Thompson and Olivier Poch and Odile Lecompte},
	year         = 2014,
	month        = oct,
	journal      = {Bioinformatics},
	publisher    = {Oxford University Press ({OUP})},
	volume       = 31,
	number       = 3,
	pages        = {447--448},
	doi          = {10.1093/bioinformatics/btu642},
	url          = {https://doi.org/10.1093/bioinformatics/btu642}
}
@inproceedings{McKinney2010,
	title        = {Data Structures for Statistical Computing in Python},
	author       = {Wes McKinney},
	year         = 2010,
	booktitle    = {Proceedings of the Python in Science Conference},
	publisher    = {SciPy},
	doi          = {10.25080/majora-92bf1922-00a},
	url          = {https://doi.org/10.25080/majora-92bf1922-00a}
}
@article{Miller2018,
	title        = {Highly Contiguous Genome Assemblies of 15 \textit{Drosophila} Species Generated Using Nanopore Sequencing},
	author       = {Danny E Miller and Cynthia Staber and Julia Zeitlinger and R Scott Hawley},
	year         = 2018,
	month        = oct,
	journal      = {G3 Genes$\vert$Genomes$\vert$Genetics},
	publisher    = {Oxford University Press ({OUP})},
	volume       = 8,
	number       = 10,
	pages        = {3131--3141},
	doi          = {10.1534/g3.118.200160},
	url          = {https://doi.org/10.1534/g3.118.200160}
}
@article{Nevers2018,
	title        = {{OrthoInspector} 3.0: open portal for comparative genomics},
	author       = {Yannis Nevers and Arnaud Kress and Audrey Defosset and Raymond Ripp and Benjamin Linard and Julie D Thompson and Olivier Poch and Odile Lecompte},
	year         = 2018,
	month        = oct,
	journal      = {Nucleic Acids Research},
	publisher    = {Oxford University Press ({OUP})},
	volume       = 47,
	number       = {D1},
	pages        = {D411--D418},
	doi          = {10.1093/nar/gky1068},
	url          = {https://doi.org/10.1093/nar/gky1068}
}
@article{Nevers2022,
	title        = {The Quest for Orthologs orthology benchmark service in 2022},
	author       = {Yannis Nevers and Tamsin E M Jones and Dushyanth Jyothi and Bethan Yates and Meritxell Ferret and Laura Portell-Silva and Laia Codo and Salvatore Cosentino and Marina Marcet-Houben and Anna Vlasova and Laetitia Poidevin and Arnaud Kress and Mark Hickman and Emma Persson and Ivana Pili{\v{z}}ota and Cristina Guijarro-Clarke and Adrian Altenhoff and Elspeth A Bruford and Salvatore Cosentino and Christophe Dessimoz and Ingo Ebersberger and David M Emms and Toni Gabald{\'{o}}n and Natasha Glover and Cristina Guijarro-Clarke and Mark Hickman and Yanhui Hu and Wataru Iwasaki and Tamsin E M Jones and Dushyanth Jyothi and Arnaud Kress and Odile Lecompte and Benjamin Linard and Marina Marcet-Houben and Maria J Martin and Yannis Nevers and Emma Persson and Ivana Pili{\v{z}}ota and Laetitia Poidevin and David S Roos and Erik Sonhammer and Paul D Thomas and David Thybert and Klaas Vandepoele and Anna Vlasova and Bethan Yates and Salvador Capella-Gutierrez and Laia Cod{\'{o}} and Meritxell Ferret and Asier Gonzalez-Uriarte and Javier Garrayo-Ventas and Laura Portell-Silva and Dmitry Repchevsky and Vicky Sundesha and Wataru Iwasaki and Odile Lecompte and Erik Sonnhammer and David S Roos and Toni Gabald{\'{o}}n and David Thybert and Paul D Thomas and Yanhui Hu and David M Emms and Elspeth Bruford and Salvador Capella-Gutierrez and Maria J Martin and Christophe Dessimoz and Adrian Altenhoff and},
	year         = 2022,
	month        = may,
	journal      = {Nucleic Acids Research},
	publisher    = {Oxford University Press ({OUP})},
	volume       = 50,
	number       = {W1},
	pages        = {W623--W632},
	doi          = {10.1093/nar/gkac330},
	url          = {https://doi.org/10.1093/nar/gkac330}
}
@article{Nguyen2014,
	title        = {{IQ}-{TREE}: A Fast and Effective Stochastic Algorithm for Estimating Maximum Likelihood Phylogenies},
	author       = {Lam-Tung Nguyen and Heiko A. Schmidt and Arndt von Haeseler and Bui Quang Minh},
	year         = 2014,
	month        = nov,
	journal      = {Molecular Biology and Evolution},
	publisher    = {Oxford University Press ({OUP})},
	volume       = 32,
	number       = 1,
	pages        = {268--274},
	doi          = {10.1093/molbev/msu300},
	url          = {https://doi.org/10.1093/molbev/msu300}
}
@inproceedings{Nord2018,
	title        = {Splice-Aware Multiple Sequence Alignment of Protein Isoforms},
	author       = {Alex Nord and Peter Hornbeck and Kaitlin Carey and Travis Wheeler},
	year         = 2018,
	month        = aug,
	booktitle    = {Proceedings of the 2018 {ACM} International Conference on Bioinformatics, Computational Biology, and Health Informatics},
	publisher    = {ACM},
	doi          = {10.1145/3233547.3233592},
	url          = {https://doi.org/10.1145/3233547.3233592}
}
@article{Nord2023,
	title        = {Mirage2's high-quality spliced protein-to-genome mappings produce accurate multiple-sequence alignments of isoforms},
	author       = {Alexander J. Nord and Travis J. Wheeler},
	year         = 2023,
	month        = may,
	journal      = {{PLOS} {ONE}},
	publisher    = {Public Library of Science ({PLoS})},
	volume       = 18,
	number       = 5,
	pages        = {e0285225},
	doi          = {10.1371/journal.pone.0285225},
	url          = {https://doi.org/10.1371/journal.pone.0285225}
}
@article{Notredame2000,
	title        = {T-coffee: a novel method for fast and accurate multiple sequence alignment},
	author       = {C{\'{e}}dric Notredame and Desmond G Higgins and Jaap Heringa},
	year         = 2000,
	month        = sep,
	journal      = {Journal of Molecular Biology},
	publisher    = {Elsevier {BV}},
	volume       = 302,
	number       = 1,
	pages        = {205--217},
	doi          = {10.1006/jmbi.2000.4042},
	url          = {https://doi.org/10.1006/jmbi.2000.4042}
}
@article{Nowak1997,
	title        = {Evolution of genetic redundancy},
	author       = {Martin A. Nowak and Maarten C. Boerlijst and Jonathan Cooke and John Maynard Smith},
	year         = 1997,
	month        = jul,
	journal      = {Nature},
	publisher    = {Springer Science and Business Media {LLC}},
	volume       = 388,
	number       = 6638,
	pages        = {167--171},
	doi          = {10.1038/40618},
	url          = {https://doi.org/10.1038/40618}
}
@article{Obbard2012,
	title        = {Estimating Divergence Dates and Substitution Rates in the \textit{Drosophila} Phylogeny},
	author       = {Darren J. Obbard and John Maclennan and Kang-Wook Kim and Andrew Rambaut and Patrick M. O'Grady and Francis M. Jiggins},
	year         = 2012,
	month        = aug,
	journal      = {Molecular Biology and Evolution},
	publisher    = {Oxford University Press ({OUP})},
	volume       = 29,
	number       = 11,
	pages        = {3459--3473},
	doi          = {10.1093/molbev/mss150},
	url          = {https://doi.org/10.1093/molbev/mss150}
}
@book{Ohno1970,
	title        = {Evolution by Gene Duplication},
	author       = {Susumu Ohno},
	year         = 1970,
	publisher    = {Springer Berlin Heidelberg},
	doi          = {10.1007/978-3-642-86659-3},
	url          = {https://doi.org/10.1007/978-3-642-86659-3}
}
@article{OLeary2016,
	title        = {Reference sequence ({RefSeq}) database at {NCBI}: current status, taxonomic expansion, and functional annotation},
	author       = {Nuala A. O{\textquotesingle}Leary and Mathew W. Wright and J. Rodney Brister and Stacy Ciufo and Diana Haddad and Rich McVeigh and Bhanu Rajput and Barbara Robbertse and Brian Smith-White and Danso Ako-Adjei and Alexander Astashyn and Azat Badretdin and Yiming Bao and Olga Blinkova and Vyacheslav Brover and Vyacheslav Chetvernin and Jinna Choi and Eric Cox and Olga Ermolaeva and Catherine M. Farrell and Tamara Goldfarb and Tripti Gupta and Daniel Haft and Eneida Hatcher and Wratko Hlavina and Vinita S. Joardar and Vamsi K. Kodali and Wenjun Li and Donna Maglott and Patrick Masterson and Kelly M. McGarvey and Michael R. Murphy and Kathleen O{\textquotesingle}Neill and Shashikant Pujar and Sanjida H. Rangwala and Daniel Rausch and Lillian D. Riddick and Conrad Schoch and Andrei Shkeda and Susan S. Storz and Hanzhen Sun and Francoise Thibaud-Nissen and Igor Tolstoy and Raymond E. Tully and Anjana R. Vatsan and Craig Wallin and David Webb and Wendy Wu and Melissa J. Landrum and Avi Kimchi and Tatiana Tatusova and Michael DiCuccio and Paul Kitts and Terence D. Murphy and Kim D. Pruitt},
	year         = 2016,
	month        = jan,
	journal      = {Nucleic Acids Research},
	publisher    = {Oxford University Press ({OUP})},
	volume       = 44,
	number       = {D1},
	pages        = {D733--D745},
	doi          = {10.1093/nar/gkv1189},
	url          = {https://doi.org/10.1093/nar/gkv1189}
}
@article{Pegueroles2013,
	title        = {Accelerated Evolution after Gene Duplication: A Time-Dependent Process Affecting Just One Copy},
	author       = {Cinta Pegueroles and Steve Laurie and M. Mar Alb{\`{a}}},
	year         = 2013,
	month        = apr,
	journal      = {Molecular Biology and Evolution},
	publisher    = {Oxford University Press ({OUP})},
	volume       = 30,
	number       = 8,
	pages        = {1830--1842},
	doi          = {10.1093/molbev/mst083},
	url          = {https://doi.org/10.1093/molbev/mst083}
}
@article{Remm2001,
	title        = {Automatic clustering of orthologs and in-paralogs from pairwise species comparisons},
	author       = {Maido Remm and Christian E.V. Storm and Erik L.L. Sonnhammer},
	year         = 2001,
	month        = dec,
	journal      = {Journal of Molecular Biology},
	publisher    = {Elsevier {BV}},
	volume       = 314,
	number       = 5,
	pages        = {1041--1052},
	doi          = {10.1006/jmbi.2000.5197},
	url          = {https://doi.org/10.1006/jmbi.2000.5197}
}
@article{Rhie2021,
	title        = {Towards complete and error-free genome assemblies of all vertebrate species},
	author       = {Arang Rhie and Shane A. McCarthy and Olivier Fedrigo and Joana Damas and Giulio Formenti and Sergey Koren and Marcela Uliano-Silva and William Chow and Arkarachai Fungtammasan and Juwan Kim and Chul Lee and Byung June Ko and Mark Chaisson and Gregory L. Gedman and Lindsey J. Cantin and Francoise Thibaud-Nissen and Leanne Haggerty and Iliana Bista and Michelle Smith and Bettina Haase and Jacquelyn Mountcastle and Sylke Winkler and Sadye Paez and Jason Howard and Sonja C. Vernes and Tanya M. Lama and Frank Grutzner and Wesley C. Warren and Christopher N. Balakrishnan and Dave Burt and Julia M. George and Matthew T. Biegler and David Iorns and Andrew Digby and Daryl Eason and Bruce Robertson and Taylor Edwards and Mark Wilkinson and George Turner and Axel Meyer and Andreas F. Kautt and Paolo Franchini and H. William Detrich and Hannes Svardal and Maximilian Wagner and Gavin J. P. Naylor and Martin Pippel and Milan Malinsky and Mark Mooney and Maria Simbirsky and Brett T. Hannigan and Trevor Pesout and Marlys Houck and Ann Misuraca and Sarah B. Kingan and Richard Hall and Zev Kronenberg and Ivan Sovi{\'{c}} and Christopher Dunn and Zemin Ning and Alex Hastie and Joyce Lee and Siddarth Selvaraj and Richard E. Green and Nicholas H. Putnam and Ivo Gut and Jay Ghurye and Erik Garrison and Ying Sims and Joanna Collins and Sarah Pelan and James Torrance and Alan Tracey and Jonathan Wood and Robel E. Dagnew and Dengfeng Guan and Sarah E. London and David F. Clayton and Claudio V. Mello and Samantha R. Friedrich and Peter V. Lovell and Ekaterina Osipova and Farooq O. Al-Ajli and Simona Secomandi and Heebal Kim and Constantina Theofanopoulou and Michael Hiller and Yang Zhou and Robert S. Harris and Kateryna D. Makova and Paul Medvedev and Jinna Hoffman and Patrick Masterson and Karen Clark and Fergal Martin and Kevin Howe and Paul Flicek and Brian P. Walenz and Woori Kwak and Hiram Clawson and Mark Diekhans and Luis Nassar and Benedict Paten and Robert H. S. Kraus and Andrew J. Crawford and M. Thomas P. Gilbert and Guojie Zhang and Byrappa Venkatesh and Robert W. Murphy and Klaus-Peter Koepfli and Beth Shapiro and Warren E. Johnson and Federica Di Palma and Tomas Marques-Bonet and Emma C. Teeling and Tandy Warnow and Jennifer Marshall Graves and Oliver A. Ryder and David Haussler and Stephen J. O'Brien and Jonas Korlach and Harris A. Lewin and Kerstin Howe and Eugene W. Myers and Richard Durbin and Adam M. Phillippy and Erich D. Jarvis},
	year         = 2021,
	month        = apr,
	journal      = {Nature},
	publisher    = {Springer Science and Business Media {LLC}},
	volume       = 592,
	number       = 7856,
	pages        = {737--746},
	doi          = {10.1038/s41586-021-03451-0},
	url          = {https://doi.org/10.1038/s41586-021-03451-0}
}
@article{Siepel2004,
	title        = {Combining Phylogenetic and Hidden Markov Models in Biosequence Analysis},
	author       = {Adam Siepel and David Haussler},
	year         = 2004,
	month        = mar,
	journal      = {Journal of Computational Biology},
	publisher    = {Mary Ann Liebert Inc},
	volume       = 11,
	number       = {2-3},
	pages        = {413--428},
	doi          = {10.1089/1066527041410472},
	url          = {https://doi.org/10.1089/1066527041410472}
}
@article{Sievers2017,
	title        = {Clustal Omega for making accurate alignments of many protein sequences},
	author       = {Fabian Sievers and Desmond G. Higgins},
	year         = 2017,
	month        = oct,
	journal      = {Protein Science},
	publisher    = {Wiley},
	volume       = 27,
	number       = 1,
	pages        = {135--145},
	doi          = {10.1002/pro.3290},
	url          = {https://doi.org/10.1002/pro.3290}
}
@article{Simo2015,
	title        = {{BUSCO}: assessing genome assembly and annotation completeness with single-copy orthologs},
	author       = {Felipe A. Sim{\~{a}}o and Robert M. Waterhouse and Panagiotis Ioannidis and Evgenia V. Kriventseva and Evgeny M. Zdobnov},
	year         = 2015,
	month        = jun,
	journal      = {Bioinformatics},
	publisher    = {Oxford University Press ({OUP})},
	volume       = 31,
	number       = 19,
	pages        = {3210--3212},
	doi          = {10.1093/bioinformatics/btv351},
	url          = {https://doi.org/10.1093/bioinformatics/btv351}
}
@article{Soria2014,
	title        = {Functional Divergence for Every Paralog},
	author       = {Patricia S. Soria and Kriston L. McGary and Antonis Rokas},
	year         = 2014,
	month        = jan,
	journal      = {Molecular Biology and Evolution},
	publisher    = {Oxford University Press ({OUP})},
	volume       = 31,
	number       = 4,
	pages        = {984--992},
	doi          = {10.1093/molbev/msu050},
	url          = {https://doi.org/10.1093/molbev/msu050}
}
@article{Tatusov1997,
	title        = {A Genomic Perspective on Protein Families},
	author       = {Roman L. Tatusov and Eugene V. Koonin and David J. Lipman},
	year         = 1997,
	month        = oct,
	journal      = {Science},
	publisher    = {American Association for the Advancement of Science ({AAAS})},
	volume       = 278,
	number       = 5338,
	pages        = {631--637},
	doi          = {10.1126/science.278.5338.631},
	url          = {https://doi.org/10.1126/science.278.5338.631}
}
@inbook{Thibaud-Nissen2013,
	title        = {The NCBI Handbook},
	author       = {Thibaud-Nissen, Françoise and Souvorov, Alexander and Murphy,Terence and DiCuccio, Michael and Kitts, Paul},
	year         = 2013,
	publisher    = {National Center for Biotechnology Information},
	chapter      = {Eukaryotic Genome Annotation Pipeline}
}
@article{Thomas2020,
	title        = {Gene content evolution in the arthropods},
	author       = {Gregg W. C. Thomas and Elias Dohmen and Daniel S. T. Hughes and Shwetha C. Murali and Monica Poelchau and Karl Glastad and Clare A. Anstead and Nadia A. Ayoub and Phillip Batterham and Michelle Bellair and Greta J. Binford and Hsu Chao and Yolanda H. Chen and Christopher Childers and Huyen Dinh and Harsha Vardhan Doddapaneni and Jian J. Duan and Shannon Dugan and Lauren A. Esposito and Markus Friedrich and Jessica Garb and Robin B. Gasser and Michael A. D. Goodisman and Dawn E. Gundersen-Rindal and Yi Han and Alfred M. Handler and Masatsugu Hatakeyama and Lars Hering and Wayne B. Hunter and Panagiotis Ioannidis and Joy C. Jayaseelan and Divya Kalra and Abderrahman Khila and Pasi K. Korhonen and Carol Eunmi Lee and Sandra L. Lee and Yiyuan Li and Amelia R. I. Lindsey and Georg Mayer and Alistair P. McGregor and Duane D. McKenna and Bernhard Misof and Mala Munidasa and Monica Munoz-Torres and Donna M. Muzny and Oliver Niehuis and Nkechinyere Osuji-Lacy and Subba R. Palli and Kristen A. Panfilio and Matthias Pechmann and Trent Perry and Ralph S. Peters and Helen C. Poynton and Nikola-Michael Prpic and Jiaxin Qu and Dorith Rotenberg and Coby Schal and Sean D. Schoville and Erin D. Scully and Evette Skinner and Daniel B. Sloan and Richard Stouthamer and Michael R. Strand and Nikolaus U. Szucsich and Asela Wijeratne and Neil D. Young and Eduardo E. Zattara and Joshua B. Benoit and Evgeny M. Zdobnov and Michael E. Pfrender and Kevin J. Hackett and John H. Werren and Kim C. Worley and Richard A. Gibbs and Ariel D. Chipman and Robert M. Waterhouse and Erich Bornberg-Bauer and Matthew W. Hahn and Stephen Richards},
	year         = 2020,
	month        = jan,
	journal      = {Genome Biology},
	publisher    = {Springer Science and Business Media {LLC}},
	volume       = 21,
	number       = 1,
	doi          = {10.1186/s13059-019-1925-7},
	url          = {https://doi.org/10.1186/s13059-019-1925-7}
}
@article{Train2017,
	title        = {Orthologous Matrix ({OMA}) algorithm 2.0: more robust to asymmetric evolutionary rates and more scalable hierarchical orthologous group inference},
	author       = {Cl{\'{e}}ment-Marie Train and Natasha M Glover and Gaston H Gonnet and Adrian M Altenhoff and Christophe Dessimoz},
	year         = 2017,
	month        = jul,
	journal      = {Bioinformatics},
	publisher    = {Oxford University Press ({OUP})},
	volume       = 33,
	number       = 14,
	pages        = {i75--i82},
	doi          = {10.1093/bioinformatics/btx229},
	url          = {https://doi.org/10.1093/bioinformatics/btx229}
}
@article{Virtanen2020,
	title        = {{SciPy} 1.0: fundamental algorithms for scientific computing in Python},
	author       = {Pauli Virtanen and Ralf Gommers and Travis E. Oliphant and Matt Haberland and Tyler Reddy and David Cournapeau and Evgeni Burovski and Pearu Peterson and Warren Weckesser and Jonathan Bright and St{\'{e}}fan J. van der Walt and Matthew Brett and Joshua Wilson and K. Jarrod Millman and Nikolay Mayorov and Andrew R. J. Nelson and Eric Jones and Robert Kern and Eric Larson and C J Carey and {\.{I}}lhan Polat and Yu Feng and Eric W. Moore and Jake VanderPlas and Denis Laxalde and Josef Perktold and Robert Cimrman and Ian Henriksen and E. A. Quintero and Charles R. Harris and Anne M. Archibald and Ant{\^{o}}nio H. Ribeiro and Fabian Pedregosa and Paul van Mulbregt and Aditya Vijaykumar and Alessandro Pietro Bardelli and Alex Rothberg and Andreas Hilboll and Andreas Kloeckner and Anthony Scopatz and Antony Lee and Ariel Rokem and C. Nathan Woods and Chad Fulton and Charles Masson and Christian H\"{a}ggstr\"{o}m and Clark Fitzgerald and David A. Nicholson and David R. Hagen and Dmitrii V. Pasechnik and Emanuele Olivetti and Eric Martin and Eric Wieser and Fabrice Silva and Felix Lenders and Florian Wilhelm and G. Young and Gavin A. Price and Gert-Ludwig Ingold and Gregory E. Allen and Gregory R. Lee and Herv{\'{e}} Audren and Irvin Probst and J\"{o}rg P. Dietrich and Jacob Silterra and James T Webber and Janko Slavi{\v{c}} and Joel Nothman and Johannes Buchner and Johannes Kulick and Johannes L. Sch\"{o}nberger and Jos{\'{e}} Vin{\'{\i}}cius de Miranda Cardoso and Joscha Reimer and Joseph Harrington and Juan Luis Cano Rodr{\'{\i}}guez and Juan Nunez-Iglesias and Justin Kuczynski and Kevin Tritz and Martin Thoma and Matthew Newville and Matthias K\"{u}mmerer and Maximilian Bolingbroke and Michael Tartre and Mikhail Pak and Nathaniel J. Smith and Nikolai Nowaczyk and Nikolay Shebanov and Oleksandr Pavlyk and Per A. Brodtkorb and Perry Lee and Robert T. McGibbon and Roman Feldbauer and Sam Lewis and Sam Tygier and Scott Sievert and Sebastiano Vigna and Stefan Peterson and Surhud More and Tadeusz Pudlik and Takuya Oshima and Thomas J. Pingel and Thomas P. Robitaille and Thomas Spura and Thouis R. Jones and Tim Cera and Tim Leslie and Tiziano Zito and Tom Krauss and Utkarsh Upadhyay and Yaroslav O. Halchenko and Yoshiki V{\'{a}}zquez-Baeza and},
	year         = 2020,
	month        = feb,
	journal      = {Nature Methods},
	publisher    = {Springer Science and Business Media {LLC}},
	volume       = 17,
	number       = 3,
	pages        = {261--272},
	doi          = {10.1038/s41592-019-0686-2},
	url          = {https://doi.org/10.1038/s41592-019-0686-2}
}
@article{Wiegmann2011,
	title        = {Episodic radiations in the fly tree of life},
	author       = {Brian M. Wiegmann and Michelle D. Trautwein and Isaac S. Winkler and Norman B. Barr and Jung-Wook Kim and Christine Lambkin and Matthew A. Bertone and Brian K. Cassel and Keith M. Bayless and Alysha M. Heimberg and Benjamin M. Wheeler and Kevin J. Peterson and Thomas Pape and Bradley J. Sinclair and Jeffrey H. Skevington and Vladimir Blagoderov and Jason Caravas and Sujatha Narayanan Kutty and Urs Schmidt-Ott and Gail E. Kampmeier and F. Christian Thompson and David A. Grimaldi and Andrew T. Beckenbach and Gregory W. Courtney and Markus Friedrich and Rudolf Meier and David K. Yeates},
	year         = 2011,
	month        = mar,
	journal      = {Proceedings of the National Academy of Sciences},
	publisher    = {Proceedings of the National Academy of Sciences},
	volume       = 108,
	number       = 14,
	pages        = {5690--5695},
	doi          = {10.1073/pnas.1012675108},
	url          = {https://doi.org/10.1073/pnas.1012675108}
}
@article{Yang1994,
	title        = {Maximum likelihood phylogenetic estimation from {DNA} sequences with variable rates over sites: Approximate methods},
	author       = {Ziheng Yang},
	year         = 1994,
	month        = sep,
	journal      = {Journal of Molecular Evolution},
	publisher    = {Springer Science and Business Media {LLC}},
	volume       = 39,
	number       = 3,
	pages        = {306--314},
	doi          = {10.1007/bf00160154},
	url          = {https://doi.org/10.1007/bf00160154}
}
@article{Yang2018,
	title        = {Re-annotation of eight \textit{Drosophila} genomes},
	author       = {Haiwang Yang and Maria Jaime and Maxi Polihronakis and Kelvin Kanegawa and Therese Markow and Kenneth Kaneshiro and Brian Oliver},
	year         = 2018,
	month        = dec,
	journal      = {Life Science Alliance},
	publisher    = {Life Science Alliance, {LLC}},
	volume       = 1,
	number       = 6,
	pages        = {e201800156},
	doi          = {10.26508/lsa.201800156},
	url          = {https://doi.org/10.26508/lsa.201800156}
}
@article{Zdobnov2020,
	title        = {{OrthoDB} in 2020: evolutionary and functional annotations of orthologs},
	author       = {Evgeny M Zdobnov and Dmitry Kuznetsov and Fredrik Tegenfeldt and Mos{\`{e}} Manni and Matthew Berkeley and Evgenia V Kriventseva},
	year         = 2020,
	month        = nov,
	journal      = {Nucleic Acids Research},
	publisher    = {Oxford University Press ({OUP})},
	volume       = 49,
	number       = {D1},
	pages        = {D389--D393},
	doi          = {10.1093/nar/gkaa1009},
	url          = {https://doi.org/10.1093/nar/gkaa1009}
}
